<record><leader>00000cas a22000007a 4500</leader><controlfield tag="001">9714987</controlfield><controlfield tag="008">830719c19149999wvudn ne      0   a0eng d</controlfield><datafield ind1=" " ind2=" " tag="010"><subfield code="a">sn 83008176 </subfield></datafield><datafield ind1=" " ind2=" " tag="040"><subfield code="a">NSD</subfield><subfield code="b">eng</subfield><subfield code="c">NSD</subfield><subfield code="d">WVC</subfield><subfield code="d">OCL</subfield><subfield code="d">OCLCQ</subfield></datafield><datafield ind1=" " ind2=" " tag="012"><subfield code="m">1</subfield></datafield><datafield ind1="1" ind2=" " tag="022"><subfield code="a">0746-0570</subfield><subfield code="l">0746-0570</subfield><subfield code="2">1</subfield></datafield><datafield ind1="1" ind2=" " tag="029"><subfield code="a">AU@</subfield><subfield code="b">000045449890</subfield></datafield><datafield ind1=" " ind2=" " tag="032"><subfield code="a">317620</subfield><subfield code="b">USPS</subfield></datafield><datafield ind1=" " ind2=" " tag="037"><subfield code="b">Logan Media Inc., 437-447 Stratton St., Logan, WV 25601</subfield></datafield><datafield ind1=" " ind2=" " tag="042"><subfield code="a">nsdp</subfield></datafield><datafield ind1="0" ind2=" " tag="130"><subfield code="a">Logan banner (Logan, W.Va. : Daily)</subfield></datafield><datafield ind1=" " ind2="4" tag="222"><subfield code="a">The Logan banner</subfield></datafield><datafield ind1="0" ind2="4" tag="245"><subfield code="a">The Logan banner.</subfield></datafield><datafield ind1=" " ind2=" " tag="260"><subfield code="a">Logan, W. Va. :</subfield><subfield code="b">[O. Deegan],</subfield><subfield code="c">1914-</subfield></datafield><datafield ind1=" " ind2=" " tag="310"><subfield code="a">Daily (Sunday-Friday),</subfield><subfield code="b">April 1, 1935-</subfield></datafield><datafield ind1=" " ind2=" " tag="321"><subfield code="a">Weekly,</subfield><subfield code="b">1914-1926</subfield></datafield><datafield ind1=" " ind2=" " tag="321"><subfield code="a">Semiweekly,</subfield><subfield code="b">June, 1926-Mar., 1935</subfield></datafield><datafield ind1="0" ind2=" " tag="362"><subfield code="a">Vol. 26, no. 8 (Aug. 21, 1914)-</subfield></datafield><datafield ind1=" " ind2=" " tag="500"><subfield code="a">"Republican."</subfield></datafield><datafield ind1=" " ind2=" " tag="500"><subfield code="a">Later publishers were: Attorney General E.T. England and Ira P. Hager; Ronald B. Woodyard; Clarence H. Frey, 1920-?</subfield></datafield><datafield ind1=" " ind2=" " tag="752"><subfield code="a">United States</subfield><subfield code="b">West Virginia</subfield><subfield code="c">Logan</subfield><subfield code="d">Logan.</subfield></datafield><datafield ind1="0" ind2="0" tag="780"><subfield code="t">Logan banner and the Logan republican</subfield><subfield code="w">(DLC)sn 86092008</subfield></datafield></record>